<record><leader>00000cas a22000007a 4500</leader><controlfield tag="001">16156960</controlfield><controlfield tag="008">870710d18581862njuwr ne      0    0eng d</controlfield><datafield ind1=" " ind2=" " tag="010"><subfield code="a">sn 87068132 </subfield></datafield><datafield ind1=" " ind2=" " tag="040"><subfield code="a">NJW</subfield><subfield code="b">eng</subfield><subfield code="c">NJW</subfield><subfield code="d">OCLCQ</subfield></datafield><datafield ind1=" " ind2=" " tag="042"><subfield code="a">msc</subfield></datafield><datafield ind1="0" ind2="4" tag="245"><subfield code="a">The Sussex Democrat.</subfield></datafield><datafield ind1=" " ind2=" " tag="260"><subfield code="a">Newton, N.J. :</subfield><subfield code="b">J.W. Gillam</subfield></datafield><datafield ind1=" " ind2=" " tag="310"><subfield code="a">Weekly</subfield></datafield><datafield ind1="1" ind2=" " tag="362"><subfield code="a">Began in 1858; ceased in Mar. 1862.</subfield></datafield><datafield ind1=" " ind2=" " tag="500"><subfield code="a">Editor: G.R. McCarter, &lt;1860&gt;.</subfield></datafield><datafield ind1=" " ind2=" " tag="530"><subfield code="a">Also issued on microfilm as part of the Civl War newspapers collection.</subfield></datafield><datafield ind1=" " ind2=" " tag="588"><subfield code="a">Description based on: Vol. 2, no. 23 (Feb. 9, 1860).</subfield></datafield><datafield ind1=" " ind2=" " tag="752"><subfield code="a">United States</subfield><subfield code="b">New Jersey</subfield><subfield code="c">Sussex</subfield><subfield code="d">Newton.</subfield></datafield><datafield ind1="0" ind2="4" tag="785"><subfield code="t">New Jersey herald, and Sussex County Democrat</subfield><subfield code="w">(DLC)sn 84026155</subfield><subfield code="w">(OCoLC)10307462</subfield></datafield><datafield ind1="1" ind2=" " tag="029"><subfield code="a">AU@</subfield><subfield code="b">000025792512</subfield></datafield></record>